<?xml version="1.0" encoding="UTF-8"?><collection xmlns="http://www.loc.gov/MARC21/slim"><record><leader>00593nam--2200181-i-4500</leader><controlfield tag="001">000042294</controlfield><controlfield tag="002">20161230</controlfield><controlfield tag="005">20161230201043</controlfield><controlfield tag="008">060222s1000------------r-----000-0-fre-d</controlfield><datafield ind1=" " ind2=" " tag="040"><subfield code="a">IFIN-HH</subfield></datafield><datafield ind1=" " ind2=" " tag="041"><subfield code="a">fre</subfield></datafield><datafield ind1=" " ind2=" " tag="080"><subfield code="a">015:537.32:516.791:539.125.5.04</subfield></datafield><datafield ind1="1" ind2=" " tag="100"><subfield code="a">Sorriaux,Andre</subfield></datafield><datafield ind1="1" ind2="0" tag="245"><subfield code="a">Contribution a l`etude des proprietes thermoelectriques des oxydes stables s`uranium naturel et enrichi, hors flux et sous flux neutronique</subfield><subfield code="b">These</subfield><subfield code="c">Andre soriaux</subfield></datafield><datafield ind1=" " ind2=" " tag="260"><subfield code="a">Paris</subfield><subfield code="b">Universite De Paris Vi</subfield><subfield code="c">1972</subfield></datafield><datafield ind1=" " ind2=" " tag="300"><subfield code="a">155 P</subfield></datafield><datafield ind1=" " ind2=" " tag="852"><subfield code="a">38214</subfield><subfield code="c">537:538</subfield></datafield><datafield ind1=" " ind2=" " tag="CAT"><subfield code="a">Sys</subfield><subfield code="c">20110620</subfield><subfield code="h">100945</subfield></datafield></record></collection>